@misc{website:gameaccessibility,
    title  = {{A Practica Guide to Game Accessibility}},
    author = {The Ablegamers foundation},
    howpublished  = {\href{http://www.includification.com/AbleGamers\_Includification.pdf}}
}

@misc{podcast:designvisuallyimpaired,
    title  = {{Designing for the Visually Impaired}},
    author = {Roguelike Radio},
    howpublished  = {\href{http://www.roguelikeradio.com/2012/10/episode-48-designing-for-visually.html}}
}

@book{book:swordscircuitry,
    title  = {{Swords \& circuitry: a designer's guide to computer role playing games}},
    author = {Neal Halford, Jana Halford},
    year   = {2001}
}

@misc{website:gitdoc,
    title = {{Git Documentation}},
    author = {Git},
    howpublished = {\href{https://git-scm.com/documentation}}
}

@misc{website:javadoc,
    title = {{Java Documentation}},
    author = {Oracle},
    howpublished = {\href{https://docs.oracle.com/javase/7/docs/api/}}
}

@misc{website:gamesimprovingeconomy,
    title = {{Games: Improving the Economy}},
    author = {Theesa},
    howpublished = {\href{http://www.theesa.com/wp-content/uploads/2014/11/Games\_Economy-11-4-14.pdf}}
}

@misc{website:gamingsales,
    title = {{Digital gaming sales hit record \&61 billion in 2015: Report}},
    author = {CNBC},
    howpublished = {\href{http://www.cnbc.com/2016/01/26/digital-gaming-sales-hit-record-61-billion-in-2015-report.html}}
}
